<?xml version="1.0" encoding="UTF-8"?><collection xmlns="http://www.loc.gov/MARC21/slim"><record><leader>00373nam--2200145-i-4500</leader><controlfield tag="001">000030139</controlfield><controlfield tag="002">20161230</controlfield><controlfield tag="005">20161230201038</controlfield><controlfield tag="008">060222s1000------------r-----000-0-eng-d</controlfield><datafield ind1=" " ind2=" " tag="080"><subfield code="a">530.145.6</subfield></datafield><datafield ind1=" " ind2=" " tag="100"><subfield code="a">Ludwig, Gunther</subfield></datafield><datafield ind1=" " ind2=" " tag="245"><subfield code="a">Die grundlagen der quantenmechanik</subfield></datafield><datafield ind1=" " ind2=" " tag="260"><subfield code="a">Berlin, Springer, 1954, Xii + 460p</subfield></datafield><datafield ind1=" " ind2=" " tag="490"><subfield code="a">Grundlehren Der Math Wiss</subfield></datafield><datafield ind1=" " ind2=" " tag="852"><subfield code="a">10032</subfield></datafield></record></collection>